@article{Gulwani:2011:SLP:1993316.1993506,
 author = {Gulwani, Sumit and Jha, Susmit and Tiwari, Ashish and Venkatesan, Ramarathnam},
 title = {Synthesis of loop-free programs},
 journal = {SIGPLAN Not.},
 issue_date = {June 2011},
 volume = {46},
 number = {6},
 month = jun,
 year = {2011},
 issn = {0362-1340},
 pages = {62--73},
 numpages = {12},
 url = {http://doi.acm.org/10.1145/1993316.1993506},
 doi = {10.1145/1993316.1993506},
 acmid = {1993506},
 publisher = {ACM},
 address = {New York, NY, USA},
 keywords = {component-based synthesis, program synthesis, smt},
}

@inproceedings{Nguyen:2013:SPR:2486788.2486890,
 author = {Nguyen, Hoang Duong Thien and Qi, Dawei and Roychoudhury, Abhik and Chandra, Satish},
 title = {SemFix: program repair via semantic analysis},
 booktitle = {Proceedings of the 2013 International Conference on Software Engineering},
 series = {ICSE '13},
 year = {2013},
 isbn = {978-1-4673-3076-3},
 location = {San Francisco, CA, USA},
 pages = {772--781},
 numpages = {10},
 url = {http://dl.acm.org/citation.cfm?id=2486788.2486890},
 acmid = {2486890},
 publisher = {IEEE Press},
 address = {Piscataway, NJ, USA},
} 
